%-------------------------------------------------------------
%   BIBLIOGRAPHY
%-------------------------------------------------------------
%
% MALL FÖR ETT ITEM:
%@article{TAG,
%    author  = "AUTHORNAME",
%    title   = "BOOKTITLE",
%    year    = "YEAR"
%       DET NEDAN KÄNNS ÖVERFLÖDIGT (?)
%    journal = "JOURNAL",
%    volume  = "14",
%    number  = "3",
%    pages   = "342--351"
%}

%A. Menezes, P. van Oorschot, and S. Vanstone, CRC Press, 1996.

@book{handcrypt,
    author  = "A. Menezes and P. van Oorschot and S. Vanstone",
    title   = "Handbook of Applied Cryptography",
    year    = "2006",
    PUBLISHER = "CRC Press",
}

@online{rubin,
    author  = "P. Feisthammel",
    title   = "Explanation of the web of trust of PGP",
    year    = "7 Oct 2004",
    howpublished 	= "\url{http://www.rubin.ch/pgp/weboftrust.en.html}"
}

%       3
@article{code,
  added-at = {2011-12-07T01:58:45.000+0100},
  author = {Berlekamp, E. and McEliece, R. and Van Tilborg, H.},
  biburl = {http://www.bibsonomy.org/bibtex/2269bcbe3efef5a461c3feb1d80d8e065/ytyoun},
  doi = {10.1109/TIT.1978.1055873},
  interhash = {af77160e5920fe4e05fd12badc4a8f55},
  intrahash = {269bcbe3efef5a461c3feb1d80d8e065},
  journal = {Information Theory, IEEE Transactions on},
  keywords = {3dm NP-hardness coding_theory},
  number = 3,
  pages = {384--386},
  publisher = {IEEE},
  timestamp = {2011-12-07T01:58:45.000+0100},
  title = {On the inherent intractability of certain coding problems},
  volume = 24,
  year = 1978
}

%       4
@inproceedings{analysmce,
  added-at = {2011-06-17T00:00:00.000+0200},
  author = {Canteaut, Anne and Sendrier, Nicolas},
  biburl = {http://www.bibsonomy.org/bibtex/2c47f644f39ec885e406ceecf97473cd0/dblp},
  booktitle = {ASIACRYPT},
  crossref = {conf/asiacrypt/1998},
  editor = {Ohta, Kazuo and Pei, Dingyi},
  ee = {http://dx.doi.org/10.1007/3-540-49649-1_16},
  interhash = {c624350af0828d647e532f6424bd10a7},
  intrahash = {c47f644f39ec885e406ceecf97473cd0},
  isbn = {3-540-65109-8},
  keywords = {dblp},
  pages = {187-199},
  publisher = {Springer},
  series = {Lecture Notes in Computer Science},
  timestamp = {2011-06-17T00:00:00.000+0200},
  title = {Cryptoanalysis of the Original McEliece Cryptosystem.},
  url = {http://dblp.uni-trier.de/db/conf/asiacrypt/asiacrypt98.html#CanteautS98},
  volume = 1514,
  year = 1998
}





%       5
@misc{attackdefence,
    author = {Daniel J. Bernstein and Tanja Lange and Christiane Peters},
    title = {Attacking and defending the McEliece cryptosystem},
    howpublished = {Cryptology ePrint Archive, Report 2008/318},
    year = {2008},
    note = {\url{http://eprint.iacr.org/}},
}

%       
@online{tree,
    author  = "B. Schneier",
    title   = "Modeling security threats",
    year    = "1999",
    howpublished    = "\url{https://www.schneier.com/paper-attacktrees-ddj-ft.html}"
}

@INPROCEEDINGS{merklebroken,
    author = {Ad Shamir and N Diffie},
    title = {A polynomial-time algorithm for breaking the basic Merkle-Hellman cryptosystem},
    booktitle = {In Proceedings of the 23rd IEEE Symposium on Foundations of Computer Science},
    year = {1982},
    pages = {145--152},
    publisher = {IEEE}
}

@article{secureitydh,
    author  = " J-F. Raymond and A. Stiglic",
    title   = "Security Issues in the Diffie-Hellman Key
Agreement Protocol",
    year    = "-"
}

@article{hashratespending,
  author    = {Meni Rosenfeld},
  title     = {Analysis of Hashrate-Based Double Spending},
  journal   = {CoRR},
  volume    = {abs/1402.2009},
  year      = {2014},
  ee        = {http://arxiv.org/abs/1402.2009},
  bibsource = {DBLP, http://dblp.uni-trier.de}
}

@online{extolabs,
    author = "Extolabs",
    title = "EX1 specification",
    year = "2014",
    howpublished = "\url{http://www.extolabs.com/product-ex1}"
}

@book{maninthemiddle,
    author    = "V. Ramachandran",
    title     = "BackTrack 5 Wireless Penetration Testing ",
    year      = "2011",
    publisher = "Packt Publishing",
}
@misc{bitcoin,
  added-at = {2014-04-17T08:33:06.000+0200},
  author = {Nakamoto, Satoshi},
  biburl = {http://www.bibsonomy.org/bibtex/23db66df0fc9fa2b5033f096a901f1c36/ngnn},
  interhash = {423c2cdff70ba0cd0bca55ebb164d770},
  intrahash = {3db66df0fc9fa2b5033f096a901f1c36},
  keywords = {imported},
  timestamp = {2014-04-17T08:33:06.000+0200},
  title = {Bitcoin: A peer-to-peer electronic cash system},
  url = {http://www.bitcoin.org/bitcoin.pdf},
  year = 2009
}

@online{ssh,
    author = "{Van Dyke Software}",
    title = "An overview of the Secure Shell (SSH)",
    year = "2008",
    howpublished = "\url{http://www.vandyke.com/solutions/ssh_overview/ssh_overview.pdf}"
}

@online{ssl,
    author = "{Red Hat Software}",
    title = "SSL/TLS, ECC, and RSA",
    year = "2014",
    howpublished = "\url{https://access.redhat.com/site/documentation/en-US/Red_Hat_Certificate_System/8.0/html/Deployment_Guide/SSL-TLS_ecc-and-rsa.html}"
}

@online{nsabackdoor,
    author = "M. Joseph",
    title = "Exclusive: NSA infiltrated RSA security more deeply than thought - study",
    year = "2014",
    howpublished = "\url{http://www.reuters.com/article/2014/03/31/us-usa-security-nsa-rsa-idUSBREA2U0TY20140331}"
}

@misc{rsasound,
    author = {Daniel Genkin and Adi Shamir and Eran Tromer},
    title = {RSA Key Extraction via Low-Bandwidth Acoustic Cryptanalysis},
    howpublished = {Cryptology ePrint Archive, Report 2013/857},
    year = {2013},
    note = {\url{http://eprint.iacr.org/}},
}
@misc{math,
    author = {Antoine Joux},
    title = {A new index calculus algorithm with complexity $L(1/4+o(1))$ in very small characteristic},
    howpublished = {Cryptology ePrint Archive, Report 2013/095},
    year = {2013},
    note = {\url{http://eprint.iacr.org/}},
}

@online{certificate,
    author = "M. Bendtsen",
    title = "Identifiering och autentisering",
    year = "2014",
    howpublished = "\url{http://www.ida.liu.se/~TDDD82/slides/security/identifiering.pdf}"
}

@online{namecoin,
    author = "-",
    title = "Namecoin wiki",
    year = "2014",
    howpublished = "\url{https://wiki.namecoin.info}"
}

@online{domain2,
    author = "-",
    title = "Domain names v2.0",
    year = "2014",
    howpublished = "\url{http://dot-bit.org/Namespace:Domain_names_v2.0}"
}

@online{ike-rfc,
    author = "M. Richardson",
    title = "Opportunistic Encryption using the Internet Key Exchange (IKE)",
    year = "December 2005",
    howpublished = "\url{http://tools.ietf.org/html/rfc4322}"
} 
    
@online{kerber-rfc,
    author = "M. Thomas",
    title = "Requirements for Kerberized Internet Negotiation of Keys",
    year = "June 2001",
    howpublished = "\url{http://tools.ietf.org/html/rfc3129}"
} 

@online{bitcoin-attacks,
    author = "-",
    title = "Weaknesses of Bitcoin",
    year = "28 December 2013",
    howpublished = "\url{https://en.bitcoin.it/wiki/Weaknesses}"
} 

@techreport{rabinorig,
 author = {Rabin, M. O.},
 title = {DIGITALIZED SIGNATURES AND PUBLIC-KEY FUNCTIONS AS INTRACTABLE AS FACTORIZATION},
 year = {1979},
 source = {http://www.ncstrl.org:8900/ncstrl/servlet/search?formname=detail\&id=oai%3Ancstrlh%3Amitai%3AMIT-LCS%2F%2FMIT%2FLCS%2FTR-212},
 publisher = {Massachusetts Institute of Technology},
 address = {Cambridge, MA, USA},
} 

@online{frenchCA,
    author = "D. Goodin",
    title = "French agency caught minting SSL certificates impersonating Google",
    year = "9 December 2013",
    howpublished = "\url{http://arstechnica.com/security/2013/12/french-agency-caught-minting-ssl-certificates-impersonating-google/}"
} 
@online{dutchCA,
    author = "Z. Zeljka",
    title = "Rogue SSL certs were also issued for CIA, MI6, Mossad",
    year = "5 September 201",
    howpublished = "\url{http://www.net-security.org/secworld.php?id=11565}"
} 




